<mx:record xmlns="http://www.w3.org/TR/xhtml1/strict" xmlns:mx="http://www.loc.gov/MARC21/slim" xmlns:xsi="http://www.w3.org/2001/XMLSchema-instance"><mx:leader>00000cz   2200000n  0000</mx:leader><mx:controlfield tag="001">oca03891570 </mx:controlfield><mx:controlfield tag="005">20001104070408.0</mx:controlfield><mx:controlfield tag="008">950726n| acannaabn          |a aaa     c</mx:controlfield><mx:datafield ind1=" " ind2=" " tag="010"><mx:subfield code="a">nr 95027440</mx:subfield></mx:datafield><mx:datafield ind1=" " ind2=" " tag="040"><mx:subfield code="a">NNC</mx:subfield><mx:subfield code="b">eng</mx:subfield><mx:subfield code="c">NNC</mx:subfield><mx:subfield code="d">OCoLC</mx:subfield></mx:datafield><mx:datafield ind1="1" ind2=" " tag="100"><mx:subfield code="a">Caesar Strabo, C. Julius,</mx:subfield><mx:subfield code="d">ca. 130-87 B.C.</mx:subfield></mx:datafield><mx:datafield ind1="1" ind2=" " tag="400"><mx:subfield code="a">Caesar Strabo, C. Iulius,</mx:subfield><mx:subfield code="d">ca. 130-87 B.C.</mx:subfield></mx:datafield><mx:datafield ind1="1" ind2=" " tag="400"><mx:subfield code="a">Strabo, C. Iulius Caesar,</mx:subfield><mx:subfield code="d">ca. 130-87 B.C.</mx:subfield></mx:datafield><mx:datafield ind1="1" ind2=" " tag="400"><mx:subfield code="a">Strabo, C. Julius Caesar,</mx:subfield><mx:subfield code="d">ca. 130-87 B.C.</mx:subfield></mx:datafield><mx:datafield ind1="1" ind2=" " tag="400"><mx:subfield code="a">Caesar Strabo Vopiscus, C. Iulius,</mx:subfield><mx:subfield code="d">ca. 130-87 B.C.</mx:subfield></mx:datafield><mx:datafield ind1="1" ind2=" " tag="400"><mx:subfield code="a">Caesar Strabo, Gaius Julius Vopiscus,</mx:subfield><mx:subfield code="d">ca. 130-87 B.C.</mx:subfield></mx:datafield><mx:datafield ind1="1" ind2=" " tag="400"><mx:subfield code="a">Vopiscus, C. Iulius Caesar Strabo,</mx:subfield><mx:subfield code="d">ca. 130-87 B.C.</mx:subfield></mx:datafield><mx:datafield ind1="0" ind2=" " tag="400"><mx:subfield code="a">C. Iulius Caesar Strabo,</mx:subfield><mx:subfield code="d">ca. 130-87 B.C.</mx:subfield></mx:datafield><mx:datafield ind1=" " ind2=" " tag="670"><mx:subfield code="a">The works of C. Iulius Caesar Strabo [CF] 1991:</mx:subfield><mx:subfield code="b">PHI CD ROM #5.3, Latin Canon, bibliographic screen (C. Iulius Caesar Strabo)</mx:subfield></mx:datafield><mx:datafield ind1=" " ind2=" " tag="670"><mx:subfield code="a">Pauly-Wissowa:</mx:subfield><mx:subfield code="b">19. Halbbd., col. 428-431; &amp;#034;Iulius&amp;#034;, #135 (C. Iulius L.f. aesar Strabo; b. ca. 130 B.C.; aedile, 90 B.C.; murdered with his brother Lucius by the Marianists, 87 B.C.)</mx:subfield></mx:datafield><mx:datafield ind1=" " ind2=" " tag="670"><mx:subfield code="a">Oxford class. dict., 1st ed.:</mx:subfield><mx:subfield code="b">p. 154 (Caesar Strabo, Gaius Julius Vopiscus; orator; curule aedile, 90 B.C.; killed by the Marians with his brother Lucius, 87 B.C.)</mx:subfield></mx:datafield><mx:datafield ind1=" " ind2=" " tag="670"><mx:subfield code="a">Malcovati, E. Oratorum romanorum fragmenta liberae rei publicae, 1955:</mx:subfield><mx:subfield code="b">p. 272 (C. Iulius Caesar Strabo; called Strabo, Vopiscus, or Sesquiculus; b. ca. 130 B.C.; aedile curule, 90 B.C.; murdered with his brother Lucius by the Marians, 87 B.C.)</mx:subfield></mx:datafield><mx:datafield ind1=" " ind2=" " tag="670"><mx:subfield code="a">Dict. of Greek and Roman biography and mythology), 1967:</mx:subfield><mx:subfield code="b">v. 1, p. 537-538; &amp;#034;Caesar&amp;#034;, #10 (C. Julius L.f. Sex.n. Caesar Strabo Vopiscus; accused T. Albucinus, praetor in Sicily, of extortion, 103 B.C.; curule aedile, 90 B.C.; candidate for consulship, 88 B.C.; put to death 87 B.C.)</mx:subfield></mx:datafield><mx:datafield ind1=" " ind2=" " tag="675"><mx:subfield code="a">NUC pre-56.</mx:subfield></mx:datafield><mx:datafield ind1=" " ind2=" " tag="999"><mx:subfield code="a">5</mx:subfield></mx:datafield></mx:record>